
@techreport {JimGray:MSRTR:2003,
author       = {Jim Gray},
institution  = {Microsoft Research},
month        = {March},
number       = {MSR-TR-2003-24},
pages        = {6},
title        = {Distributed Computing Economics},
url          = {http://research.microsoft.com/apps/pubs/default.aspx?id=70001},
year         = {2003},
}

@book{TomWhite:HadoopDefinitiveGuide:2012,
 author = {Tom White},
 title = {Hadoop: The Definitive Guide, Third Edition},
 year = {2012},
 publisher = {OReilly},
}

@inproceedings{GORDON:ASPLOS:2009,
 author = {Adrian Caulfield and Laura Grupp and Steven Swanson},
 title = {Gordon: using flash memory to build fast, power-efficient clusters for data-intensive applications },
 booktitle = {ASPLOS},
 year = {2009},
 }

@inproceedings{BPLRU:FAST:2008,
		author = {Hyojun Kim and Seongjun Ahn},
		title = {{ BPLRU: A Buffer Management  Scheme for Improving Random Writes in Flash Storage }},
		booktitle = {FAST},
		year = {2008}
}

@inproceedings{CFTL:SIGMETRICS:2010,
 author = {Park, Dongchul and Debnath, Biplob and Du, David},
 title = {{CFTL: A Convertible Flash Translation Layer Adaptive to Data Access Patterns}},
 booktitle = {SIGMETRICS},
 pages = {365--366}, 
 year = {2010},
} 

@inproceedings{CFTL:MASCOTS:2011,
 author = {Park, Dongchul and Debnath, Biplob and Du, David},
 title = {{A Workload-Aware Adaptive Hybrid Flash Translation Layer with an Efficient Caching Strategy}},
 booktitle = {MASCOTS},
 pages = {248 -- 255},
 year = {2011},
} 

@techreport {Samsung:WhitePaper:2014,
author       = {Samsung},
institution  = {Samsung Electronics},
title        = {Why SSDs are Awesome: An SSD Primer},
url          = {http://www.samsung.com/global/business/semiconductor/minisite/SSD/global/html/about/whitepaper01.html},
year         = {2014},
}

@misc{MapReduce:Tutorial,
Author={{Hortonworks}},
Howpublished={\url{http://hortonworks.com/hadoop/mapreduce/}},
Title={What is Hadoop?},
}

@inproceedings{MapReduce:OSDI:2004,
		author = {Jeffrey Dean and Sanjay Ghemawat},
		title = {{MapReduce: simplified data processing on large clusters}},
		booktitle = {OSDI},
		year = {2004}
}

@inproceedings{BufferPool:SIGMOD:2013,
 author = {Do, Jaeyoung and Zhang, Donghui and Patel, Jignesh M. and DeWitt, David J. and Naughton, Jeffrey F. and Halverson, Alan},
 title = {Turbocharging DBMS Buffer Pool Using SSDs},
 booktitle = {SIGMOD},
 year = {2011},
 pages = {1113--1124},
}

@inproceedings{IPL:SIGMOD:2007,
		author = { Sangwon Lee and Bongki Moon},
		title = {{Design of Flash-based DBMS: An In-page Logging Approach}},
booktitle = {SIGMOD},
		year = {2007}
}

@inproceedings{SSDDesignTradeOff:ATC:2008,
 author = {Agrawal, Nitin and Prabhakaran, Vijayan and Wobber, Ted and Davis, John D. and Manasse, Mark and Panigrahy, Rina},
 title = {Design Tradeoffs for SSD Performance},
 booktitle = {USENIX ATC},
 year = {2008},
 pages = {57--70},
} 

@inproceedings{HotData:MSST:2011,
 author = {Park, Dongchul and Du, David},
 title = {{Hot Data Identification for Flash-based Storage Systems using Multiple Bloom Filters}},
 booktitle = {MSST},
 pages = {1 -- 11}, 
 year = {2011},
} 

@misc{CUDA:Tutorial:2012,
Author={{nVidia Corporations}},
Howpublished={\url{http://www.nvidia.com/object/cuda_home_new.html}},
Title={CUDA programming},
}

@inproceedings{ActivFlash:FAST:2013,
 author = {Devesh Tiwari and Simona Boboila and Sudharshan Vazhkudai and Youngjae Kim and Xiaosong Ma and Peter Desnoyers and Yan Solihin},
 title = {{Active Flash: Towards Energy-Efficient, In-Situ Data Analytics on Extreme-Scale Machines}},
 booktitle = {FAST},
 year = {2013},
} 




@ARTICLE{HadoopMapReduce:ACM:2010,
    author = {Jeffrey Dean and Sanjay Ghemawat},
    title = {Mapreduce: a flexible data processing tool},
    journal = {Communications of the ACM},
    year = {2010},
}


@inproceedings{GFS:SOSP:2003,
 author = {Sanjay Ghemawat and Howard Gobioff and Shun-Tak Leung},
 title = {The Google File System},
 booktitle = {SOSP},
 year = {2003},
 }


@inproceedings{Minerva:De:2013,
 author = {De, Arup and Gokhale, Maya and Gupta, Rajesh and Swanson, Steven},
 title = {Minerva: Accelerating Data Analysis in Next-Generation SSDs},
 booktitle = {FCCM},
 year = {2013},
 pages = {9--16},
}

@misc{BusAnalyzer:JDSU:techspec,
Author={{JDSU}},
Howpublished={\url{http://www.jdsu.com/ProductLiterature/xgig1000-12g-analyzer-ds-san-tm-ae.pdf}},
Title={Xgig 1000 12Gbps SAS Analyzer},
}

@inproceedings{SmartSSDHadoop:MSST:2013,
  author       = {Yangwook Kang and Yang-suk Kee and Ethan L. Miller and Chanik Park},
  title        = {Enabling Cost-effective Data Processing with Smart SSD},
  booktitle = {MSST 13},
  year         = {2013},
}


@misc{KineticHDD:Seagate:2014,
Author={{Seagate}},
Howpublished={\url{http://www.seagate.com/products/enterprise-servers-storage/nearline-storage/kinetic-hdd/}},
Title={Seagate Kinetic HDDs},
}


@misc{EthernetDrive:HGST:2014,
Author={{HGST}},
Howpublished={\url{http://www.hgst.com/science-of-storage/emerging-technologies/open-ethernet-drive-architecture}},
Title={Open Ethernet Drive},
}


@techreport {PUMA:Purdue:2012,
author       = {Faraz Ahmad and Seyong Lee and Mithuna Thottethodi and T. N. Vijaykumar},
institution  = {Purdue University},
month        = {October},
number       = {TR-ECE-12-11},
title        = {PUMA: Purdue MapReduce Benchmarks Suite},
year         = {2012},
}


@misc{Powermeter:Yokogawa:techspec,
Author={{Yokogawa}},
Howpublished={\url{http://tmi.yokogawa.com/files/uploaded/WT300Series_Final.pdf}},
Title={Yokogawa WT300 series digital power meter},
}


@inproceedings{DRAM_Power:ISCA:2010,
 author = {Udipi, Aniruddha N. and Muralimanohar, Naveen and Chatterjee, Niladrish and Balasubramonian, Rajeev and Davis, Al and Jouppi, Norman P.},
 title = {Rethinking DRAM Design and Organization for Energy-constrained Multi-cores},
 booktitle = {ISCA},
 year = {2010},
} 


@article{NewServerArch:ISCA:2008,
 author = {Lim, Kevin and Ranganathan, Parthasarathy and Chang, Jichuan and Patel, Chandrakant and Mudge, Trevor and Reinhardt, Steven},
 title = {Understanding and Designing New Server Architectures for Emerging Warehouse-Computing Environments},
 booktitle = {ISCA},
 year = {2008},
} 

@article{PowerNap:ASPLOS:2009,
 author = {Meisner, David and Gold, Brian T. and Wenisch, Thomas F.},
 title = {PowerNap: Eliminating Server Idle Power},
 booktitle = {ASPLOS},
 year = {2009},
} 


@inproceedings{DisaggregatedMem:ISCA:2009,
 author = {Lim, Kevin and Chang, Jichuan and Mudge, Trevor and Ranganathan, Parthasarathy and Reinhardt, Steven K. and Wenisch, Thomas F.},
 title = {Disaggregated Memory for Expansion and Sharing in Blade Servers},
 booktitle = {ISCA},
 year = {2009},
} 



@inproceedings{CASSM:VLDB:1975,
 author = {Su, Stanley Y. W. and Lipovski, G. Jack},
 title = {CASSM: A Cellular System for Very Large Data Bases},
 booktitle = {VLDB},
 year = {1975},
 pages = {456--472},
}


@inproceedings{DBC:ISCA:1978,
 author = {Kannan, Krishnamurthi},
 title = {The Design of a Mass Memory for a Database Computer},
 booktitle = {ISCA},
 year = {1978},
 pages = {44--51},
}


@inproceedings{ActiveDisks:ASPLOS:1998,
 author = {Acharya, Anurag and Uysal, Mustafa and Saltz, Joel},
 title = {Active Disks: Programming Model, Algorithms and Evaluation},
 booktitle = {ASPLOS},
 year = {1998},
 pages = {81--91},
}


@article{Keeton1998,
 author = {Keeton, Kimberly and Patterson, David A. and Hellerstein, Joseph M.},
 title = {A Case for Intelligent Disks (IDISKs)},
 journal = {SIGMOD Rec.},
 volume = {27},
 number = {3},
 year = {19980},
 pages = {42--52},
}


@misc{StorageIntelligence:Samsung:PureStorage,
Author={{Pure Storage}},
Howpublished={\url{http://www.purestorage.com}},
Title={Pure Storage FlashArray},
}

@misc{IBM:BlueGene:2013,
Author={{J\"{u}lich Research Center}},
Howpublished={\url{http://cacm.acm.org/news/169841-blue-gene-active-storage-boosts-i-o-performance-at-jsc}},
Title={Blue Gene Active Storage boosts I/O performance at JSC},
year = {2013}
}

@misc{Exadata:Oracle:2010,
Author={{Oracle Corporation}},
Title={Oracle Exadata White Paper},
Year={2010},
}

@inproceedings{OPCL:ADMS:2011,
  author    = {Sungchan Kim and Hyunok Oh and Chanik Park and Sangyeun Cho and Sang{-}Won Lee},
  title     = {Fast, Energy Efficient Scan inside Flash Memory},
  booktitle = {ADMS},
  year      = {2011},
  pages     = {36--43},
}


@inproceedings{iMR:ATC:2011,
 author = {Logothetis, Dionysios and Trezzo, Chris and Webb, Kevin C. and Yocum, Kenneth},
 title = {In-situ MapReduce for Log Processing},
 booktitle = {USENIX ATC},
 year = {2011},
} 

@inproceedings{SmartSSD:SIGMOD:2013,
 author = {Do, Jaeyoung and Kee, Yang-Suk and Patel, Jignesh M. and Park, Chanik and Park, Kwanghyun and DeWitt, David J.},
 title = {Query Processing on Smart SSDs: Opportunities and Challenges},
 booktitle = {SIGMOD},
 year = {2013},
 pages = {1221--1230},
}



@misc{Jasmine:OpenSSD,
Author={{OpenSSD project}},
Howpublished={\url{http://www.openssd-project.org/wiki/Jasmine_OpenSSD_Platform}},
Title={Jasmine OpenSSD Platform},
}


@MISC{ActiveFlash:MSST:2012,
 author = {Simona Boboila and Youngjae Kim and Sudharshan S. Vazhkudai and Peter Desnoyers and Galen M. Shipman},
 title = {Active Flash: Out-of-core Data Analytics on Flash Storage},
 booktitle = {MSST},
 year = {2012},
}

@inproceedings {Willow:OSDI:2014,
author = {Sudharsan Seshadri and Mark Gahagan and Sundaram Bhaskaran and Trevor Bunker and Arup De and Yanqin Jin and Yang Liu and Steven Swanson},
title = {Willow: A User-Programmable SSD},
booktitle = {OSDI},
year = {2014},
pages = {67--80},
}



@ARTICLE{NearDataProcessing:Micro:2014,
author={Balasubramonian, Rajeev and Chang, Jichuan and Manning, Troy and Moreno, Jaime H. and Murphy, Richard and Nair, Ravi and Swanson, Steven},
journal={Micro, IEEE},
title={Near-Data Processing: Insights from a MICRO-46 Workshop},
year={2014},
volume={34},
number={4},
pages={36--42},
}


@ARTICLE{HotDataTrap:ACR:2013,
author = {Dongchul Park and Biplob Debnath and Young Jin Nam and David H.C. Du and Youngkyun Kim and Youngchul Kim},
title = {An On-line Hot Data Identification for Flash-based Storage using Sampling Mechanism},
journal = {ACM Applied Computing Review },
volume={13},
number={1},
pages={51--64},
year = {2013},
}

@article{JSA:FTL:2009,
 author = {Chung, Tae-Sun and Park, Dong-Joo and Park, Sangwon and Lee, Dong-Ho and Lee, Sang-Won and Song, Ha-Joo},
 title = {A Survey of Flash Translation Layer},
 journal = {Journal of System Architecture},
 volume = {55},
 number = {5-6},
 year = {2009},
 pages = {332--343},
}



